<?xml version="1.0" encoding="UTF-8"?><collection xmlns="http://www.loc.gov/MARC21/slim"><record><leader>00374nam--2200133-i-4500</leader><controlfield tag="001">000018188</controlfield><controlfield tag="002">20161230</controlfield><controlfield tag="005">20161230201032</controlfield><controlfield tag="008">060222s1000------------r-----000-0-eng-d</controlfield><datafield ind1=" " ind2=" " tag="080"><subfield code="a">530.1</subfield></datafield><datafield ind1=" " ind2=" " tag="100"><subfield code="a">Einstein, Albert</subfield></datafield><datafield ind1=" " ind2=" " tag="245"><subfield code="a">L ether et la theorie de la relativite. traduction francaise par maurice solovine</subfield></datafield><datafield ind1=" " ind2=" " tag="260"><subfield code="a">Paris, Gauthier-villars, 1921.15 P</subfield></datafield><datafield ind1=" " ind2=" " tag="852"><subfield code="a">2455</subfield></datafield></record></collection>